<record><leader>00000cas a22000007a 4500</leader><controlfield tag="001">40250945</controlfield><controlfield tag="008">981106u1995uuuuvautr ne      0    0eng d</controlfield><datafield ind1=" " ind2=" " tag="010"><subfield code="a">sn 98068259 </subfield></datafield><datafield ind1=" " ind2=" " tag="040"><subfield code="a">NVK</subfield><subfield code="b">eng</subfield><subfield code="c">NVK</subfield><subfield code="d">OCLCQ</subfield><subfield code="d">NVK</subfield><subfield code="d">OCLCF</subfield><subfield code="d">OCLCO</subfield></datafield><datafield ind1="1" ind2=" " tag="029"><subfield code="a">AU@</subfield><subfield code="b">000024788890</subfield></datafield><datafield ind1=" " ind2=" " tag="042"><subfield code="a">msc</subfield></datafield><datafield ind1=" " ind2="4" tag="050"><subfield code="a">F234.S148</subfield><subfield code="b">G85</subfield></datafield><datafield ind1="0" ind2="0" tag="245"><subfield code="a">Guide to historic Salem.</subfield></datafield><datafield ind1=" " ind2=" " tag="260"><subfield code="a">Salem, Va. :</subfield><subfield code="b">Salem Historical Society,</subfield><subfield code="c">1995-</subfield></datafield><datafield ind1=" " ind2=" " tag="300"><subfield code="a">v.</subfield></datafield><datafield ind1=" " ind2=" " tag="310"><subfield code="a">Three times a year</subfield></datafield><datafield ind1="0" ind2=" " tag="362"><subfield code="a">Vol. 1, no. 1 (Summer 1995)-</subfield></datafield><datafield ind1=" " ind2=" " tag="500"><subfield code="a">Publishers: Thomas Grein &lt;1998&gt;.</subfield></datafield><datafield ind1=" " ind2=" " tag="500"><subfield code="a">Published Spring, Summer and Winter, 1996 - &lt;1998&gt;.</subfield></datafield><datafield ind1=" " ind2=" " tag="550"><subfield code="a">A publication of the Salem Historical Society.</subfield></datafield><datafield ind1=" " ind2="0" tag="651"><subfield code="a">Salem (Va.)</subfield><subfield code="v">Newspapers.</subfield></datafield><datafield ind1=" " ind2="7" tag="655"><subfield code="a">Newspapers.</subfield><subfield code="2">fast</subfield><subfield code="0">(OCoLC)fst01423814</subfield></datafield><datafield ind1=" " ind2="7" tag="651"><subfield code="a">Virginia</subfield><subfield code="z">Salem.</subfield><subfield code="2">fast</subfield><subfield code="0">(OCoLC)fst01221073</subfield></datafield><datafield ind1="2" ind2=" " tag="710"><subfield code="a">Salem Historical Society (Salem, Va.)</subfield></datafield><datafield ind1=" " ind2=" " tag="752"><subfield code="a">United States</subfield><subfield code="b">Virginia</subfield><subfield code="c">Roanoke</subfield><subfield code="d">Salem.</subfield></datafield></record>